@INPROCEEDINGS{ref:echoflex17,
  author = {McIntosh, Jess and Marzo, Asier and Fraser, Mike and Philips, Carol},
  title = {EchoFlex: Hand Gesture Recognition using Ultrasound Imaging},
  booktitle = {Proc. of the 2017 CHI Conference on Human Factors in Computing Systems},
  pages = {1923-1934},
  month = {May},
  year = {2017}
}

@INPROCEEDINGS{ref:usgr17,
  author={Das, Amit and Tashev, Ivan and Mohammed, Shoaib},
  booktitle={2017 IEEE International Conference on Acoustics, Speech and Signal Processing (ICASSP)}, 
  title={Ultrasound based gesture recognition}, 
  year={2017},
  volume={},
  number={},
  pages={406-410},
  doi={10.1109/ICASSP.2017.7952187}}

@article{ref:hgr22,
  author = {Jhaung, Yu-Chiao and Lin, Yu-Ming and Zha, Chiao and Leu, Jeng-Shiou and Koppen, Mario},
  title = {Implementing a Hand Gesture Recognition System Based on Range-Doppler Map},
  journal = {Sensors},
  volume = {22},
  number = {11},
  month = {June},
  year = {2022}
}

@article{ref:mhgr18,
  author = {Sang, Yu and Shi, Laixi and Liu, Yimin},
  title = {Micro Hand Gesture Recognition System Using Ultrasonic Active Sensing},
  journal = {IEEE Open Access Journal},
  volume = {6},
  number = {},
  month = {September},
  year = {2018}

}

@article{ref:usgr18,
  author = {Saad, Mohamed and Bleakley, Chris J. and Nigram, Vivek and Kettle, Paul},
  title = {Ultrasonic hand gesture recognition for mobile devices},
  journal = {J Multimodal User Interfaces},
  volume = {12},
  number = {},
  month = {March},
  year = {2018}
}

@article{ref:usgr19,
author = {Zeng, Qinglin and Kuang, Zheng and Wu, Shuaibing and Yang, Jun},
  title = {A Method of Ultrasonic Finger Gesture Recognition Based on the Micro-Doppler Effect},
  journal = {Applied Sciences},
  volume = {9},
  number = {11},
  month = {June},
  year = {2019}

}

@article{ref:usgdr21,
  author = {Feng, Guo-Hua and Lai, Gui-Rong},
  title = {Hand Gesture Detection and Recognition Using Spectrogram and Image Processing Technique with a Single Pair of Ultrasonic Transducers},
  journal = {Applied Sciences},
  volume = {11},
  number = {12},
  month = {June},
  year = {2021}
}

@article{ref:mmasl,
  author = {Santhalingam, Panneer Selvam and Hosain, Al Amin and Zhang, Ding and Pathak, Parth and Rangwala, Huzefa and Kushalnagar, Raja},
  title = {mmASL: Environment-Independent ASL Gesture Recognition Using 60 GHz Millimeter-wave Signals},
  journal = {Proc. ACM Interact. Mob. Wearable Ubiquitous Technology},
  volume = {4},
  number = {1},
  month = {March},
  year = {2020}
  
}

@article{ref:slgrmmw22,
  author = {Dang, Xiaochao and Wei, Kefeng and Hao, Zhanjun and Ma, Zhongyu},
  title = {Cross-Scene Sign Language Gesture Recognition Based on Frequency-Modulated Continuous Wave Radar},
  journal = {Signals},
  volume = {3},
  number = {4},
  month = {December},
  year = {2022}
}

@INPROCEEDINGS{ref:aslmmv21,
  author={Adeoluwa, Oladipupo and Kearney, Sean J. and Kurtoglu, Emre and Connors, Charles and Gurbuz, Sevgi Zubeyde},
  booktitle={Proc. of SPIE (International Society of Optics and Photonics)},
  title={Near real-time ASL recognition using a millimeter wave radar},
  year={2021},
}

@INPROCEEDINGS{ref:espasl,
  author={Santhalingam, Panneer Selvam and Du, Yuanqi and Wilkerson, Riley and Hosain, Al Amin and Zhang, Ding and Pathak, Parth and Rangwala, Huzefa and Kushalnagar, Raja},
  booktitle={2020 17th Annual IEEE International Conference on Sensing, Communication, and Networking (SECON)}, 
  title={Expressive ASL Recognition using Millimeter-wave Wireless Signals}, 
  year={2020},
  volume={},
  number={},
  pages={1-9},
  doi={10.1109/SECON48991.2020.9158441}}

@journal{ref:xx}

@INPROCEEDINGS{ref:hgrmmv21,
  author = {Ren, Yuwei and Lu, Jiuyuan and Beletchi, Andrian and Huang, Yin and Karmanov, Ilia and Fontijne, Daniel and Patel, Chirag and Xu, Hao},
  title = {Hand gesture recognition using 802.11ad mmWave sensor in the mobile device},
  booktitle = {Proc. of 2021 IEEE Wireless Communications and Networking Conference Workshops (WCNCW)},
  year = {2021},
}

@misc{ref:tidemo18,
author = {CES Demo 2018 Video},
title = {Gesture recognition demonstration using TI mmWave sensors},
howpublished = "\url{https://training.ti.com/gesture-recognition-demonstration-using-ti-mmwave-sensors}",
note = "[website]"
}

@book{latex2e,
  author = {Leslie Lamport},
  year = {1994},
  title = {{\LaTeX}: a Document Preparation System},
  publisher = {Addison Wesley},
  address = {Massachusetts},
  edition = {2}
}



