@INPROCEEDINGS{ref:echoflex17,
  author = {McIntosh, Jess and Marzo, Asier and Fraser, Mike and Philips, Carol},
  title = {EchoFlex: Hand Gesture Recognition using Ultrasound Imaging},
  booktitle = {Proc. of the 2017 CHI Conference on Human Factors in Computing Systems},
  pages = {1923-1934},
  month = {May},
  year = {2017}
}

@INPROCEEDINGS{ref:usgr17,
  author={Das, Amit and Tashev, Ivan and Mohammed, Shoaib},
  booktitle={2017 IEEE International Conference on Acoustics, Speech and Signal Processing (ICASSP)}, 
  title={Ultrasound based gesture recognition}, 
  year={2017},
  volume={},
  number={},
  pages={406-410},
  doi={10.1109/ICASSP.2017.7952187}}

@article{ref:hgr22,
  author = {Jhaung, Yu-Chiao and Lin, Yu-Ming and Zha, Chiao and Leu, Jeng-Shiou and Koppen, Mario},
  title = {Implementing a Hand Gesture Recognition System Based on Range-Doppler Map},
  journal = {Sensors},
  volume = {22},
  number = {11},
  month = {June},
  year = {2022}
}

@article{ref:mhgr18,
  author = {Sang, Yu and Shi, Laixi and Liu, Yimin},
  title = {Micro Hand Gesture Recognition System Using Ultrasonic Active Sensing},
  journal = {IEEE Open Access Journal},
  volume = {6},
  number = {},
  month = {September},
  year = {2018}

}

@article{ref:usgr18,
  author = {Saad, Mohamed and Bleakley, Chris J. and Nigram, Vivek and Kettle, Paul},
  title = {Ultrasonic hand gesture recognition for mobile devices},
  journal = {J Multimodal User Interfaces},
  volume = {12},
  number = {},
  month = {March},
  year = {2018}
}

@article{ref:usgr19,
author = {Zeng, Qinglin and Kuang, Zheng and Wu, Shuaibing and Yang, Jun},
  title = {A Method of Ultrasonic Finger Gesture Recognition Based on the Micro-Doppler Effect},
  journal = {Applied Sciences},
  volume = {9},
  number = {11},
  month = {June},
  year = {2019}

}

@article{ref:usgdr21,
  author = {Feng, Guo-Hua and Lai, Gui-Rong},
  title = {Hand Gesture Detection and Recognition Using Spectrogram and Image Processing Technique with a Single Pair of Ultrasonic Transducers},
  journal = {Applied Sciences},
  volume = {11},
  number = {12},
  month = {June},
  year = {2021}
}

@article{ref:mmasl,
  author = {Santhalingam, Panneer Selvam and Hosain, Al Amin and Zhang, Ding and Pathak, Parth and Rangwala, Huzefa and Kushalnagar, Raja},
  title = {mmASL: Environment-Independent ASL Gesture Recognition Using 60 GHz Millimeter-wave Signals},
  journal = {Proc. ACM Interact. Mob. Wearable Ubiquitous Technology},
  volume = {4},
  number = {1},
  month = {March},
  year = {2020}
  
}

@article{ref:slgrmmw22,
  author = {Dang, Xiaochao and Wei, Kefeng and Hao, Zhanjun and Ma, Zhongyu},
  title = {Cross-Scene Sign Language Gesture Recognition Based on Frequency-Modulated Continuous Wave Radar},
  journal = {Signals},
  volume = {3},
  number = {4},
  month = {December},
  year = {2022}
}

@INPROCEEDINGS{ref:deafspaces21,
  author={Adeoluwa, Oladipupo and Kearney, Sean J. and Kurtoglu, Emre and Connors, Charles and Gurbuz, Sevgi Zubeyde},
  booktitle={Proc. of SPIE (International Society of Optics and Photonics)},
  title={Near real-time ASL recognition using a millimeter wave radar},
  year={2021},
}

@INPROCEEDINGS{ref:exasl20,
  author={Santhalingam, Panneer Selvam and Du, Yuanqi and Wilkerson, Riley and Hosain, Al Amin and Zhang, Ding and Pathak, Parth and Rangwala, Huzefa and Kushalnagar, Raja},
  booktitle={2020 17th Annual IEEE International Conference on Sensing, Communication, and Networking (SECON)}, 
  title={Expressive ASL Recognition using Millimeter-wave Wireless Signals}, 
  year={2020},
  volume={},
  number={},
  pages={1-9},
  doi={10.1109/SECON48991.2020.9158441}}


@INPROCEEDINGS{ref:hgrmmv21,
  author = {Ren, Yuwei and Lu, Jiuyuan and Beletchi, Andrian and Huang, Yin and Karmanov, Ilia and Fontijne, Daniel and Patel, Chirag and Xu, Hao},
  title = {Hand gesture recognition using 802.11ad mmWave sensor in the mobile device},
  booktitle = {Proc. of 2021 IEEE Wireless Communications and Networking Conference Workshops (WCNCW)},
  year = {2021},
}

@misc{ref:tidemo18,
author = {CES Demo 2018 Video},
title = {Gesture recognition demonstration using TI mmWave sensors},
howpublished = "\url{https://training.ti.com/gesture-recognition-demonstration-using-ti-mmwave-sensors}",
note = "[Online Access]"
}

@misc{ref:mtsy19,
author = {Song Yang},
title = {Hand-gesture Sensing Leveraging Radio and Vibration Signals},
year = {2019},
howpublished = "\url{https://doi.org/doi:10.7282/t3-18cc-qa15}",
note = "[Online Access]"
}

@misc{ref:ss12,
  authors = {Yen-Ting Liu and Che-Yang Wu and Pi-Hsun Shih and Hsiang-Sheng Liang and Mike Y. Chen},
  title = {SoundSense : 3D Gesture Sensing using Ultrasound on Mobile Devices},
  howpublished = "\url{https://mrorz.github.io/files/soundsense.pdf}",
  year = {2012}
}

@book{latex2e,
  author = {Leslie Lamport},
  year = {1994},
  title = {{\LaTeX}: a Document Preparation System},
  publisher = {Addison Wesley},
  address = {Massachusetts},
  edition = {2}
}

@article{ref:absa20,
  author = {Yang Bai and Li Lu and Jerry Cheng and Jian Liu and Yingying Chen and Jiadi Yu},
  title = {Acoustic-based sensing and applications: A survey},
  journal = {Computer Networks},
  volume = {181},
  pages = {107447},
  year = {2020},
  issn = {1389-1286},
  doi = {https://doi.org/10.1016/j.comnet.2020.107447},
}

@article{ref:sbi21,
  title = {Sensing beyond itself: Multi-functional use of ubiquitous signals towards wearable applications},
  journal = {Digital Signal Processing},
  volume = {116},
  pages = {103091},
  year = {2021},
  issn = {1051-2004},
  doi = {https://doi.org/10.1016/j.dsp.2021.103091},
  author = {Zihan Wang and Jiarong Li and Yuchao Jin and Jiyu Wang and Fang Yang and Gang Li and Xiaoyue Ni and Wenbo Ding}
}

@article{ref:tasl20,
author = {Shao, Qijia and Sniffen, Amy and Blanchet, Julien and Hillis, Megan E. and Shi, Xinyu and Haris, Themistoklis K. and Liu, Jason and Lamberton, Jason and Malzkuhn, Melissa and Quandt, Lorna C. and Mahoney, James and Kraemer, David J. M. and Zhou, Xia and Balkcom, Devin},
title = {Teaching American Sign Language in Mixed Reality},
year = {2020},
issue_date = {December 2020},
publisher = {Association for Computing Machinery},
address = {New York, NY, USA},
volume = {4},
number = {4},
url = {https://doi.org/10.1145/3432211},
doi = {10.1145/3432211},
journal = {Proc. ACM Interact. Mob. Wearable Ubiquitous Technol.},
month = {Dec},
articleno = {152},
numpages = {27},
keywords = {Motion teaching, Mixed reality, American Sign Language}
}

@article{ref:mm4arm23,
author = {Liu, Yilin and Zhang, Shijia and Gowda, Mahanth and Nelakuditi, Srihari},
title = {Leveraging the Properties of MmWave Signals for 3D Finger Motion Tracking for Interactive IoT Applications},
year = {2022},
issue_date = {December 2022},
publisher = {Association for Computing Machinery},
address = {New York, NY, USA},
volume = {6},
number = {3},
url = {https://doi.org/10.1145/3570613},
doi = {10.1145/3570613},
journal = {Proc. ACM Meas. Anal. Comput. Syst.},
month = {dec},
articleno = {52},
numpages = {28},
keywords = {mmwave sensing, wireless signal, finger tracking, iot}
}

@inproceedings{ref:neuropose21,
author = {Liu, Yilin and Zhang, Shijia and Gowda, Mahanth},
title = {NeuroPose: 3D Hand Pose Tracking Using EMG Wearables},
year = {2021},
isbn = {9781450383127},
publisher = {Association for Computing Machinery},
address = {New York, NY, USA},
url = {https://doi.org/10.1145/3442381.3449890},
doi = {10.1145/3442381.3449890},
booktitle = {Proceedings of the Web Conference 2021},
pages = {1471â€“1482},
numpages = {12},
keywords = {EMG, Hand pose tracking, IoT, Wearable},
location = {Ljubljana, Slovenia},
series = {WWW '21}
}

@article{ref:sslotr22,
author = {Zhou, Hao and Lu, Taiting and Liu, Yilin and Zhang, Shijia and Gowda, Mahanth},
title = {Learning on the Rings: Self-Supervised 3D Finger Motion Tracking Using Wearable Sensors},
year = {2022},
issue_date = {July 2022},
publisher = {Association for Computing Machinery},
address = {New York, NY, USA},
volume = {6},
number = {2},
url = {https://doi.org/10.1145/3534587},
doi = {10.1145/3534587},
journal = {Proc. ACM Interact. Mob. Wearable Ubiquitous Technol.},
month = {jul},
articleno = {90},
numpages = {31},
keywords = {Finger motion tracking, IoT, Self-supervised learning, Wearable}
}

@INPROCEEDINGS{ref:cameraprivacy18,
  author={Chen, Andrew Tzer-Yeu and Biglari-Abhari, Morteza and Wang, Kevin I-Kai},
  booktitle={2018 15th IEEE International Conference on Advanced Video and Signal Based Surveillance (AVSS)}, 
  title={Context is King: Privacy Perceptions of Camera-based Surveillance}, 
  year={2018},
  volume={},
  number={},
  pages={1-6},
  doi={10.1109/AVSS.2018.8639448}
 }